<record xmlns="http://www.loc.gov/MARC21/slim" xmlns:xsi="http://www.w3.org/2001/XMLSchema-instance" xsi:schemaLocation="http://www.loc.gov/MARC21/slim http://www.loc.gov/standards/marcxml/schema/MARC21slim.xsd"><leader>01799nam a2200301   4500</leader><controlfield tag="001">3059125</controlfield><controlfield tag="003">NNC</controlfield><controlfield tag="006">m        d        </controlfield><controlfield tag="007">cr cn |||m|||a</controlfield><controlfield tag="008">150223s1909    ua      o     000 0 ara d</controlfield><datafield ind1=" " ind2=" " tag="040"><subfield code="a">NNU</subfield><subfield code="b">eng</subfield><subfield code="c">NNU</subfield></datafield><datafield ind1="1" ind2=" " tag="100"><subfield code="6">880-01</subfield><subfield code="a">Fayyu&#772;mi&#772;, Ah&#803;mad ibn Muh&#803;ammad,</subfield><subfield code="d">-approximately 1368.</subfield></datafield><datafield ind1="1" ind2="0" tag="245"><subfield code="6">880-02</subfield><subfield code="a">Kita&#772;b al-Mis&#803;ba&#772;h&#803; al-muni&#772;r fi&#772; ghari&#772;b al-Sharh&#803; al-kabi&#772;r lil-Ra&#772;fi&#699;i&#772;</subfield><subfield code="h">[electronic resource] /</subfield><subfield code="c">ta&#700;li&#772;f Ah&#803;mad ibn Muh&#803;ammad ibn &#699;Ali&#772; al-Muqri&#772; al-Fayyu&#772;mi&#772; (al-mutawaffa&#769; sanat 770 h.).</subfield></datafield><datafield ind1=" " ind2=" " tag="250"><subfield code="6">880-03</subfield><subfield code="a">Al-t&#803;ab&#699;ah 2.</subfield></datafield><datafield ind1=" " ind2=" " tag="260"><subfield code="6">880-04</subfield><subfield code="a">Mis&#803;r :</subfield><subfield code="b">al-Mat&#803;ba&#699;ah al-Ami&#772;ri&#772;yah,</subfield><subfield code="c">1909.</subfield></datafield><datafield ind1=" " ind2=" " tag="300"><subfield code="a">online resource (14, 1102 p.)</subfield></datafield><datafield ind1=" " ind2=" " tag="500"><subfield code="a">Part of the Arabic Collections Online (ACO) project, contributed by Columbia University Libraries.</subfield></datafield><datafield ind1=" " ind2=" " tag="533"><subfield code="a">Electronic reproduction.</subfield><subfield code="b">New York, N.Y. :</subfield><subfield code="c">New York University,</subfield><subfield code="d">2015.</subfield><subfield code="5">NNU</subfield></datafield><datafield ind1="2" ind2=" " tag="710"><subfield code="a">Columbia University.</subfield><subfield code="b">Libraries.</subfield></datafield><datafield ind1="0" ind2=" " tag="730"><subfield code="a">Arabic Collections Online.</subfield></datafield><datafield ind1="0" ind2="8" tag="776"><subfield code="i">Print version:</subfield><subfield code="a">Fayyu&#772;mi&#772;, Ah&#803;mad ibn Muh&#803;ammad, -approximately 1368.</subfield><subfield code="t">Kita&#772;b al-Mis&#803;ba&#772;h&#803; al-muni&#772;r fi&#772; ghari&#772;b al-Sharh&#803; al-kabi&#772;r lil-Ra&#772;fi&#699;i&#772;</subfield><subfield code="w">(NNC)3059125</subfield><subfield code="w">(OCoLC)47721081</subfield></datafield><datafield ind1="4" ind2="0" tag="856"><subfield code="u">http://hdl.handle.net/2333.1/bk3j9n5q</subfield></datafield><datafield ind1="1" ind2=" " tag="880"><subfield code="6">100-01/r</subfield><subfield code="a">&#1601;&#1610;&#1608;&#1605;&#1610;&#1548; &#1575;&#1581;&#1605;&#1583; &#1576;&#1606; &#1605;&#1581;&#1605;&#1583;&#1548;</subfield><subfield code="d">-approximately 1368.</subfield></datafield><datafield ind1="1" ind2="0" tag="880"><subfield code="6">245-02/r</subfield><subfield code="a">&#1603;&#1578;&#1575;&#1576; &#1575;&#1604;&#1605;&#1589;&#1576;&#1575;&#1581; &#1575;&#1604;&#1605;&#1606;&#1610;&#1585; &#1601;&#1610; &#1594;&#1585;&#1610;&#1576; &#1575;&#1604;&#1588;&#1585;&#1581; &#1575;&#1604;&#1603;&#1576;&#1610;&#1585; &#1604;&#1604;&#1585;&#1575;&#1601;&#1593;&#1610; /</subfield><subfield code="c">&#1578;&#1571;&#1604;&#1610;&#1601; &#1575;&#1581;&#1605;&#1583; &#1576;&#1606; &#1605;&#1581;&#1605;&#1583; &#1576;&#1606; &#1593;&#1604;&#1610; &#1575;&#1604;&#1605;&#1602;&#1585;&#1610; &#1575;&#1604;&#1601;&#1610;&#1608;&#1605;&#1610; (&#1604;&#1605;&#1578;&#1608;&#1601;&#1609; &#1587;&#1606;&#1577; 770 &#1607;.).</subfield></datafield><datafield ind1=" " ind2=" " tag="880"><subfield code="6">250-03/r</subfield><subfield code="a">&#1575;&#1604;&#1591;&#1576;&#1593;&#1577; 2.</subfield></datafield><datafield ind1=" " ind2=" " tag="880"><subfield code="6">260-04/r</subfield><subfield code="a">&#1605;&#1589;&#1585; :</subfield><subfield code="b">&#1575;&#1604;&#1605;&#1591;&#1576;&#1593;&#1577; &#1575;&#1604;&#1575;&#1605;&#1610;&#1585;&#1610;&#1577;&#1548;</subfield><subfield code="c">1909.</subfield></datafield><datafield ind1=" " ind2=" " tag="959"><subfield code="a">NNU</subfield><subfield code="b">WEB</subfield><subfield code="c">GENI</subfield><subfield code="t">0</subfield><subfield code="m">Electronic access</subfield><subfield code="s">01</subfield></datafield><datafield ind1=" " ind2=" " tag="999"><subfield code="i">NNC_3059125</subfield><subfield code="o">(OCoLC)47721081</subfield><subfield code="s">columbia_aco000184</subfield></datafield></record>